{
	"leader":"02807naa a2200949 c 4500",
	"fields":
	[
		{
			"001":"774100494"
		},
		{
			"003":"DE-601"
		},
		{
			"005":"20131213144923.0"
		},
		{
			"008":"131211s2013                  000 0 ger d"
		},
		{
			"016":
			{
				"subfields":
				[
					{
						"a":"10173626"
					},
					{
						"2":"DE-600"
					}
				],
				"ind1":"7",
				"ind2":" "
			}

		},
		{
			"035":
			{
				"subfields":
				[
					{
						"a":"(DE-599)GBV774100494"
					}
				],
				"ind1":" ",
				"ind2":" "
			}

		},
		{
			"040":
			{
				"subfields":
				[
					{
						"a":"GBVCP"
					},
					{
						"b":"ger"
					},
					{
						"e":"rakwb"
					}
				],
				"ind1":" ",
				"ind2":" "
			}

		},
		{
			"041":
			{
				"subfields":
				[
					{
						"a":"ger"
					}
				],
				"ind1":"0",
				"ind2":" "
			}

		},
		{
			"245":
			{
				"subfields":
				[
					{
						"a":"Enterprise-Content-Management"
					},
					{
						"c":"Sven Laumer; Daniel Beimborn; Christian Maier; Christoph Weinert"
					}
				],
				"ind1":"0",
				"ind2":"0"
			}

		},
    {
      "246":
      {
        "subfields":
        [
          {
            "a":"Die Wissen-ist-Macht-Software"
          }
        ],
        "ind1":"0",
        "ind2":"0"
      }

    },
		{
			"300":
			{
				"subfields":
				[
					{
						"b":"graph. Darst."
					}
				],
				"ind1":" ",
				"ind2":" "
			}

		},
		{
			"700":
			{
				"subfields":
				[
					{
						"a":"Laumer, Sven"
					},
					{
						"0":"(DE-601)688795102"
					},
					{
						"0":"(DE-588)102080081X"
					}
				],
				"ind1":"1",
				"ind2":" "
			}

		},
		{
			"700":
			{
				"subfields":
				[
					{
						"a":"Beimborn, Daniel"
					},
					{
						"0":"(DE-601)551105798"
					},
					{
						"0":"(DE-588)133689050"
					}
				],
				"ind1":"1",
				"ind2":" "
			}

		},
		{
			"700":
			{
				"subfields":
				[
					{
						"a":"Maier, Christian"
					},
					{
						"0":"(DE-601)726550558"
					},
					{
						"0":"(DE-588)1026344891"
					}
				],
				"ind1":"1",
				"ind2":" "
			}

		},
		{
			"700":
			{
				"subfields":
				[
					{
						"a":"Weinert, Christoph"
					},
					{
						"0":"(DE-601)774549831"
					},
					{
						"0":"(DE-588)104551067X"
					}
				],
				"ind1":"1",
				"ind2":" "
			}

		},
		{
			"773":
			{
				"subfields":
				[
					{
						"i":"In: "
					},
					{
						"t":"Wirtschaftsinformatik : WI ; Organ der Fachbereichs Wirtschaftsinformatik der Gesellschaft für Informatik e.V. und der Wissenschaftlichen Kommission Wirtschaftsinformatik im Verband der Hochschullehrer für Betriebswirtschaft e.V"
					},
					{
						"d":"Wiesbaden : Springer Gabler"
					},
					{
						"g":"Vol. 55, No. 6 (2013), p. 453-456"
					},
					{
						"q":"55:6<453-456"
					},
					{
						"w":"(DE-601)130831999"
					},
					{
						"x":"0937-6429"
					}
				],
				"ind1":"0",
				"ind2":"8"
			}

		},
		{
			"901":
			{
				"subfields":
				[
					{
						"a":"GBV"
					}
				],
				"ind1":" ",
				"ind2":" "
			}

		},
		{
			"912":
			{
				"subfields":
				[
					{
						"a":"SYSFLAG_1"
					}
				],
				"ind1":" ",
				"ind2":" "
			}

		},
		{
			"912":
			{
				"subfields":
				[
					{
						"a":"GBV_GVK"
					}
				],
				"ind1":" ",
				"ind2":" "
			}

		},
		{
			"912":
			{
				"subfields":
				[
					{
						"a":"GBV_ILN_12"
					}
				],
				"ind1":" ",
				"ind2":" "
			}

		},
		{
			"912":
			{
				"subfields":
				[
					{
						"a":"GBV_ILN_14"
					}
				],
				"ind1":" ",
				"ind2":" "
			}

		},
		{
			"912":
			{
				"subfields":
				[
					{
						"a":"GBV_ILN_20"
					}
				],
				"ind1":" ",
				"ind2":" "
			}

		},
		{
			"912":
			{
				"subfields":
				[
					{
						"a":"GBV_ILN_22"
					}
				],
				"ind1":" ",
				"ind2":" "
			}

		},
		{
			"912":
			{
				"subfields":
				[
					{
						"a":"GBV_ILN_23"
					}
				],
				"ind1":" ",
				"ind2":" "
			}

		},
		{
			"912":
			{
				"subfields":
				[
					{
						"a":"GBV_ILN_26"
					}
				],
				"ind1":" ",
				"ind2":" "
			}

		},
		{
			"912":
			{
				"subfields":
				[
					{
						"a":"GBV_ILN_30"
					}
				],
				"ind1":" ",
				"ind2":" "
			}

		},
		{
			"912":
			{
				"subfields":
				[
					{
						"a":"GBV_ILN_32"
					}
				],
				"ind1":" ",
				"ind2":" "
			}

		},
		{
			"912":
			{
				"subfields":
				[
					{
						"a":"GBV_ILN_34"
					}
				],
				"ind1":" ",
				"ind2":" "
			}

		},
		{
			"912":
			{
				"subfields":
				[
					{
						"a":"GBV_ILN_37"
					}
				],
				"ind1":" ",
				"ind2":" "
			}

		},
		{
			"912":
			{
				"subfields":
				[
					{
						"a":"GBV_ILN_38"
					}
				],
				"ind1":" ",
				"ind2":" "
			}

		},
		{
			"912":
			{
				"subfields":
				[
					{
						"a":"GBV_ILN_40"
					}
				],
				"ind1":" ",
				"ind2":" "
			}

		},
		{
			"912":
			{
				"subfields":
				[
					{
						"a":"GBV_ILN_46"
					}
				],
				"ind1":" ",
				"ind2":" "
			}

		},
		{
			"912":
			{
				"subfields":
				[
					{
						"a":"GBV_ILN_60"
					}
				],
				"ind1":" ",
				"ind2":" "
			}

		},
		{
			"912":
			{
				"subfields":
				[
					{
						"a":"GBV_ILN_70"
					}
				],
				"ind1":" ",
				"ind2":" "
			}

		},
		{
			"912":
			{
				"subfields":
				[
					{
						"a":"GBV_ILN_90"
					}
				],
				"ind1":" ",
				"ind2":" "
			}

		},
		{
			"912":
			{
				"subfields":
				[
					{
						"a":"GBV_ILN_92"
					}
				],
				"ind1":" ",
				"ind2":" "
			}

		},
		{
			"912":
			{
				"subfields":
				[
					{
						"a":"GBV_ILN_116"
					}
				],
				"ind1":" ",
				"ind2":" "
			}

		},
		{
			"912":
			{
				"subfields":
				[
					{
						"a":"GBV_ILN_118"
					}
				],
				"ind1":" ",
				"ind2":" "
			}

		},
		{
			"912":
			{
				"subfields":
				[
					{
						"a":"GBV_ILN_125"
					}
				],
				"ind1":" ",
				"ind2":" "
			}

		},
		{
			"912":
			{
				"subfields":
				[
					{
						"a":"GBV_ILN_126"
					}
				],
				"ind1":" ",
				"ind2":" "
			}

		},
		{
			"912":
			{
				"subfields":
				[
					{
						"a":"GBV_ILN_130"
					}
				],
				"ind1":" ",
				"ind2":" "
			}

		},
		{
			"912":
			{
				"subfields":
				[
					{
						"a":"GBV_ILN_132"
					}
				],
				"ind1":" ",
				"ind2":" "
			}

		},
		{
			"912":
			{
				"subfields":
				[
					{
						"a":"GBV_ILN_136"
					}
				],
				"ind1":" ",
				"ind2":" "
			}

		},
		{
			"912":
			{
				"subfields":
				[
					{
						"a":"GBV_ILN_140"
					}
				],
				"ind1":" ",
				"ind2":" "
			}

		},
		{
			"912":
			{
				"subfields":
				[
					{
						"a":"GBV_ILN_150"
					}
				],
				"ind1":" ",
				"ind2":" "
			}

		},
		{
			"912":
			{
				"subfields":
				[
					{
						"a":"GBV_ILN_151"
					}
				],
				"ind1":" ",
				"ind2":" "
			}

		},
		{
			"912":
			{
				"subfields":
				[
					{
						"a":"GBV_ILN_155"
					}
				],
				"ind1":" ",
				"ind2":" "
			}

		},
		{
			"912":
			{
				"subfields":
				[
					{
						"a":"GBV_ILN_161"
					}
				],
				"ind1":" ",
				"ind2":" "
			}

		},
		{
			"912":
			{
				"subfields":
				[
					{
						"a":"GBV_ILN_164"
					}
				],
				"ind1":" ",
				"ind2":" "
			}

		},
		{
			"912":
			{
				"subfields":
				[
					{
						"a":"GBV_ILN_180"
					}
				],
				"ind1":" ",
				"ind2":" "
			}

		},
		{
			"912":
			{
				"subfields":
				[
					{
						"a":"GBV_ILN_185"
					}
				],
				"ind1":" ",
				"ind2":" "
			}

		},
		{
			"912":
			{
				"subfields":
				[
					{
						"a":"GBV_ILN_207"
					}
				],
				"ind1":" ",
				"ind2":" "
			}

		},
		{
			"912":
			{
				"subfields":
				[
					{
						"a":"GBV_ILN_213"
					}
				],
				"ind1":" ",
				"ind2":" "
			}

		},
		{
			"912":
			{
				"subfields":
				[
					{
						"a":"GBV_ILN_231"
					}
				],
				"ind1":" ",
				"ind2":" "
			}

		},
		{
			"912":
			{
				"subfields":
				[
					{
						"a":"GBV_ILN_247"
					}
				],
				"ind1":" ",
				"ind2":" "
			}

		},
		{
			"912":
			{
				"subfields":
				[
					{
						"a":"GBV_ILN_250"
					}
				],
				"ind1":" ",
				"ind2":" "
			}

		},
		{
			"912":
			{
				"subfields":
				[
					{
						"a":"GBV_ILN_251"
					}
				],
				"ind1":" ",
				"ind2":" "
			}

		},
		{
			"912":
			{
				"subfields":
				[
					{
						"a":"GBV_ILN_267"
					}
				],
				"ind1":" ",
				"ind2":" "
			}

		},
		{
			"912":
			{
				"subfields":
				[
					{
						"a":"GBV_ILN_277"
					}
				],
				"ind1":" ",
				"ind2":" "
			}

		},
		{
			"912":
			{
				"subfields":
				[
					{
						"a":"GBV_ILN_285"
					}
				],
				"ind1":" ",
				"ind2":" "
			}

		},
		{
			"912":
			{
				"subfields":
				[
					{
						"a":"GBV_ILN_306"
					}
				],
				"ind1":" ",
				"ind2":" "
			}

		},
		{
			"912":
			{
				"subfields":
				[
					{
						"a":"GBV_ILN_307"
					}
				],
				"ind1":" ",
				"ind2":" "
			}

		},
		{
			"912":
			{
				"subfields":
				[
					{
						"a":"GBV_ILN_311"
					}
				],
				"ind1":" ",
				"ind2":" "
			}

		},
		{
			"912":
			{
				"subfields":
				[
					{
						"a":"GBV_ILN_314"
					}
				],
				"ind1":" ",
				"ind2":" "
			}

		},
		{
			"912":
			{
				"subfields":
				[
					{
						"a":"GBV_ILN_318"
					}
				],
				"ind1":" ",
				"ind2":" "
			}

		},
		{
			"912":
			{
				"subfields":
				[
					{
						"a":"GBV_ILN_319"
					}
				],
				"ind1":" ",
				"ind2":" "
			}

		},
		{
			"912":
			{
				"subfields":
				[
					{
						"a":"GBV_ILN_322"
					}
				],
				"ind1":" ",
				"ind2":" "
			}

		},
		{
			"912":
			{
				"subfields":
				[
					{
						"a":"GBV_ILN_326"
					}
				],
				"ind1":" ",
				"ind2":" "
			}

		},
		{
			"912":
			{
				"subfields":
				[
					{
						"a":"GBV_ILN_329"
					}
				],
				"ind1":" ",
				"ind2":" "
			}

		},
		{
			"912":
			{
				"subfields":
				[
					{
						"a":"GBV_ILN_330"
					}
				],
				"ind1":" ",
				"ind2":" "
			}

		},
		{
			"912":
			{
				"subfields":
				[
					{
						"a":"GBV_ILN_334"
					}
				],
				"ind1":" ",
				"ind2":" "
			}

		},
		{
			"912":
			{
				"subfields":
				[
					{
						"a":"GBV_ILN_336"
					}
				],
				"ind1":" ",
				"ind2":" "
			}

		},
		{
			"912":
			{
				"subfields":
				[
					{
						"a":"GBV_ILN_700"
					}
				],
				"ind1":" ",
				"ind2":" "
			}

		},
		{
			"912":
			{
				"subfields":
				[
					{
						"a":"GBV_ILN_701"
					}
				],
				"ind1":" ",
				"ind2":" "
			}

		},
		{
			"951":
			{
				"subfields":
				[
					{
						"a":"AR"
					}
				],
				"ind1":" ",
				"ind2":" "
			}

		},
		{
			"952":
			{
				"subfields":
				[
					{
						"d":"55"
					},
					{
						"j":"2013"
					},
					{
						"e":"6"
					},
					{
						"c":"12"
					},
					{
						"h":"453-456"
					}
				],
				"ind1":" ",
				"ind2":" "
			}

		},
		{
			"980":
			{
				"subfields":
				[
					{
						"2":"26"
					},
					{
						"1":"01"
					},
					{
						"b":"1449883575"
					},
					{
						"x":"0206"
					},
					{
						"y":"z1h"
					}
				],
				"ind1":" ",
				"ind2":" "
			}

		},
		{
			"980":
			{
				"subfields":
				[
					{
						"2":"250"
					},
					{
						"1":"01"
					},
					{
						"b":"1450530354"
					},
					{
						"x":"3250"
					},
					{
						"y":"x"
					}
				],
				"ind1":" ",
				"ind2":" "
			}

		}
	]
}

